4140 5310
151 420 167 431 ”
247 420 482 539 θίσῇἢτίαςῴ
518 422 556 451 ”

223 564 580 654 tumueran-
683 647 689 656 ,
1014 635 1019 642 .
1707 640 1710 645 .
1764 632 1773 645 .
1970 655 1973 661 ,

235 702 517 821 Bnpnflerium
533 705 577 792 dr
609 697 873 791 eollet‘latium
901 729 994 790 trem
1016 701 1178 817 diuersis
1201 702 1574 793 Benedidiienr'lun

242 844 595 967 ddartyrologium.
951 959 955 966 .
1029 874 1033 883 ·
1442 843 1446 887 *

239 985 455 1070 Duodecim
469 986 651 1068 minores
666 981 876 1097 ⁴Prophetae
899 987 942 1068 in
970 983 1134 1068 duobus
1153 985 1447 1070 voluminibus.
1503 981 1603 1066 Hac
1629 978 1702 1065 ibi.
1729 1075 1739 1083 g
1771 1070 1775 1078 ,

242 1124 384 1235 Quam
400 1122 598 1207 librorum
619 1118 946 1234 supputationem
964 1121 1109 1208 sabbam
1128 1123 1365 1208 crediderim
1384 1123 1501 1209 satius
1518 1121 1608 1234 post
1626 1119 1802 1232 primam
1959 1196 1966 1209 ,

131 1264 359 1351 monosterii
376 1261 751 1363 everfipnemanno
784 1262 958 1351 Domini
980 1262 1333 1354 MCLXXXVL
1354 1264 1599 1349 vel-circiter
1619 1261 1736 1346 Patre
1757 1281 1804 1342 ac
1857 1305 1861 1317 ›
1965 1317 1969 1323 -

133 1406 297 1492 Abbate
326 1403 630 1517 Folpetto‚„qui
659 1406 885 1490 monasterii
911 1405 1066 1489 ruinosa
1095 1429 1190 1488 cum
1218 1402 1297 1516 ipsa
1324 1402 1493 1490 Bafilic‘a
1524 1403 1697 1487 Controdo
1725 1399 1804 1487 At·

26 1598 32 1605 -
94 1541 388 1654 ‘cbiepiseopu
424 1542 675 1652 Mogontino
725 1543 1076 1653 consentientexac
1111 1566 1353 1654 cooperante
1390 1543 1609 1637 restaurare
1643 1541 1803 1651 prinus

130 1681 337 1796 aggrcllus
361 1683 430 1768 est.
485 1681 597 1769 Exin
620 1682 778 1768 ecclcfia
804 1683 1058 1773 reinstaurata
1081 1708 1156 1768 nec
1180 1709 1264 1767 non
1289 1684 1342 1768 ab
1362 1682 1513 1768 eodem
1527 1673 1819 1791 ‚Archipontl'

131 1823 209 1909 lice
228 1819 452 1909 consecrata
474 1821 781 1908 amiciamanur
797 1821 1011 1932 adjutrices
1036 1826 1342 1934 porrigentibus
1365 1848 1535 1908 omnem
1557 1817 1807 1933 suppellecti-

132 1965 216 2065 lem
249 1965 423 2050 coenubii
438 1963 575 2049 totius
600 1961 873 2075 undecunque
905 1988 1127 2075 aggregare
1157 1965 1267 2050 idem
1297 1963 1544 2049 «venerabilis
1571 1960 1699 2047 ‘Pater
1722 1957 1804 2049 Ful
1966 2052 1968 2057 ,

130 2124 270 2218 pertus
287 2105 531 2215 diligentiori
546 2101 678 2191 studio
702 2123 888 2189 maturat.
941 2104 1108 2190 Abhinc
1128 2105 1256 2214 igitur
1278 2128 1352 2215 per
1374 2125 1501 2188 annos
1521 2103 1614 2213 plus
1638 2116 1805 2215 ctutum

132 2246 398 2356 quadraginta
420 2244 538 2329 multi
566 2241 845 2354 praeclan'ffimi
867 2242 968 2327 libri
1001 2269 1052 2327 ac
1074 2245 1285 2329 volumina
1313 2244 1410 2330 huic
1438 2244 1529 2330 loco'
1560 2239 1806 2337 udone&
1849 2233 1851 2237 ’

133 2384 394 2503 scribentium
405 2380 584 2469 fratrum
604 2384 954 2469 lucubrationibus
969 2381 1137 2494 cellere3
1166 2383 1295 2470 donec
1314 2387 1483 2471 humani
1503 2386 1662 2497 generis
1676 2381 1805 2467 inimi·
1844 2405 1847 2408 ·
2033 2409 2036 2416 ⁴

133 2528 171 2611 ci
194 2516 379 2615 faitione·
395 2524 684 2609 monasterium
710 2520 839 2632 ipsunt
867 2522 1039 2611 secundo
1065 2523 1260 2635 aquibus
1288 2522 1496 2637 utsupra,
1526 2521 1708 2610 funditus
1734 2520 1808 2611 ob
1858 2539 1864 2546 “

135 2668 286 2774 mitur3
325 2665 438 2750 omni
472 2661 682 2750 substantia
709 2661 937 2748 monasterii
965 2665 1104 2773 rapina
1130 2665 1170 2747 vi
1205 2689 1250 2747 ac
1275 2659 1387 2748 furto
1404 2648 1569 2749 librate.
1623 2661 1808 2757 Maxim

135 2829 278 2899 autern
297 2829 395 2890 curn
422 2805 680 2915 Imperatoris
703 2803 889 2888 Ludouici
907 2823 997 2888 tum
1021 2798 1321 2916 Archiepiseopi
1343 2802 1504 2889 liuttici
1533 2800 1808 2912 indignatione

135 2942 362 3038 altrinsecus
398 2936 549 3054 fatigati
566 2969 671 3029 ‘non
709 2966 862 3055 paucos
897 2932 1009 3026 cums·
1027 2943 1166 3051 rupina
1196 2944 1351 3057 reliqua
1385 2943 1545 3030 libellos
1571 2939 1809 3039 conscicntia

135 3091 256 3172 etiam
289 3109 535 3195 perurgente
564 3084 796 3176 restituunt,
826 3079 985 3193 peraeta
1014 3081 1071 3165 est
1096 3083 1181 3167 hac
1207 3081 1376 3171 [munda
1406 3083 1634 3169 monasterii
1658 3085 1811 3209 moutls
1868 3090 1875 3100 “’

86 3266 89 3271 <
137 3222 297 3336 speciose
322 3224 539 3309 destructio
554 3222 661 3310 anno
680 3224 850 3310 Domini
869 3221 1249 3312 MCCCXXVDI.
1263 3222 1348 3337 ipso
1372 3225 1436 3310 die
1457 3222 1576 3310 snnffl
1592 3224 1809 3310 Laurentii.

27 3438 49 3469 ,
137 3363 284 3473 Ejusce
305 3365 429 3475 igitur
455 3361 720 3450 subverfionis
741 3359 885 3449 scelere
913 3357 1080 3447 admiffo
1097 3360 1330 3448 divinorum
1360 3365 1493 3450 cultus
1514 3364 1807 3456 intermittitur,
1882 3443 1885 3448 ,
2018 3348 2023 3356 ’

136 3501 280 3610 fratres
305 3504 568 3617 quoquequi
587 3526 728 3589 omnes
744 3505 808 3589 vel
832 3501 989 3589 nobiles
1011 3522 1123 3616 erant
1143 3500 1210 3586 vel
1225 3501 1408 3589 -militeris
1427 3503 1643 3590 stemmatis
1659 3501 1809 3587 decore
1900 3493 1902 3498 ’

137 3644 368 3755 gaudebant
390 3670 471 3729 una
496 3670 591 3728 cum
624 3644 787 3732 Abbate
809 3643 1054 3756 aliquamdiu
1081 3643 1343 3752 Mogurrtiam
1373 3644 1546 3730 incolere
1572 3661 1807 3752 coeperunt.
1856 3664 1860 3673 ·
1992 3667 1998 3690 ‘

138 3785 301 3872 Deinde
325 3785 436 3868 annis
453 3785 765 3896 aliquot-elapsu
793 3783 930 3870 casulis
947 3784 1080 3894 potius
1108 3784 1157 3869 ad
1181 3785 1445 3872 habitandum
1470 3808 1595 3896 quam
1615 3780 1809 3865 domibus
1855 3818 1861 3830 ·

137 3923 377 4011 reaedificatis
397 3924 533 4008 locum
552 3926 689 4035 pallam
713 3925 933 4010 inhabitare
959 3945 1123 4009 tentant.
1153 3923 1392 4039 Allumque
1420 3924 1498 4024 est,
1527 3947 1573 4009 ut
1597 3921 1692 4033 quia
1708 3917 1810 4030 juris
1850 3929 1852 3932 ⁴

138 4054 388 4179 iniquisque
412 4085 496 4149 erat
512 4089 556 4149 ac
575 4064 646 4150 irbi
669 4061 790 4150 licere
807 4084 997 4176 putarent
1024 4065 1183 4167 omnia,
1202 4063 1299 4152 latis
1321 4064 1523 4177 superque
1544 4061 1731 4149 dillolute
1751 4062 1810 4147 vi·

80 4247 84 4251 -
138 4227 305 4316 verent3
341 4205 450 4291 nulla
479 4205 719 4304 honestatis,
755 4203 863 4290 nulla
896 4205 1046 4291 ordinrb
1075 4205 1196 4306 sacri,
1225 4207 1334 4292 nulla
1364 4208 1525 4293 habitus
1556 4209 1657 4290 ratio‘
1686 4216 1811 4319 pcne's

67 4352 70 4355 ’
139 4370 391 4460 quemquam
412 4342 661 4434 remanserat.
718 4344 966 4435 Villitabant
988 4347 1191 4458 stipendiis
1212 4347 1377 4446 annuis,
1407 4373 1491 4433 non
1513 4346 1741 4434 Dominicis
1765 4364 1812 4429 ut
1960 4346 1964 4355 '

59 4547 70 4557 .
137 4485 260 4576 semel
276 4488 406 4577 dicam
421 4483 486 4574 scd
508 4479 585 4576 suis
606 4484 744 4574 inclufi
763 4486 951 4579 ovilibus.
990 4489 1050 4579 At
1065 4512 1157 4604 quta
1177 4489 1281 4629 inter
1301 4490 1387 4578 hacc
1402 4489 1605 4604 diligentia
1621 4486 1688 4577 vel
1701 4507 1810 4570 com·

963 4626 1001 4717 D
1668 4615 1861 4735 paren-²
