4140 5310
294 276 352 346 ιο
956 246 1302 358 ss
1963 308 1966 313 -

300 437 462 529 Carolus
484 435 553 522 iile
573 433 752 546 Magnas
777 434 820 522 u
843 435 908 520 vir
929 436 973 523 dr
987 433 1212 546 Imperator
1227 435 1447 523 Asarinum
1474 435 1653 525 Leonam
1676 437 1719 521 in
1746 436 1972 529 Dialesiioe

295 581 518 671 Rhetorica
536 577 578 664 n
599 575 812 688 astrologia
833 573 1045 661 doiiorem
1073 575 1237 673 habuit,
1267 577 1310 665 u
1327 577 1462 665 David
1482 578 1703 689 sapientum
1723 603 1777 664 ne
1801 579 1971 667 consilio

297 744 457 837 egeret,
485 717 648 804 Nathan
670 715 915 827 prophetam
934 717 985 803 ’δι
1009 714 1091 827 ipse
1110 716 1311 835 propheta
1334 719 1376 806 dr
1395 717 1540 806 &doch
1563 714 1820 807 sacerdotem.
1848 717 1969 809 Mille

293 865 337 952 id
357 884 488 975 genus
509 883 598 946 turn
614 857 725 968 apud
741 855 889 968 priseos
908 877 998 942 tum
1010 856 1188 964 iuniores
1202 858 1544 970 historiographos
1557 860 1743 969 reperies.
1772 858 1969 949 Famae

292 1006 372 1095 rese
394 1003 494 1120 quid
519 1026 572 1087 ne
594 1001 712 1084 etiam
738 994 892 1108 egere?
919 996 1111 1108 Egeront
1137 1000 1308 1111 utique..
1341 997 1544 1112 Yfirnam
1569 997 1876 1110 Aegyptiorum
1904 1025 1967 1087 re·

102 1195 106 1203 -
292 1148 388 1259 gina
415 1167 464 1230 ut
484 1143 541 1229 est
560 1139 670 1251 apud
697 1137 918 1254 lpidomm)
898 1138 1096 1251 )litteras
1118 1143 1313 1251 aegyptias
1332 1142 1510 1232 invenit,
1539 1137 1582 1226 dr
1607 1138 1825 1227 &meantis
1848 1164 1969 1253 nym-

291 1288 376 1404 pha
404 1286 498 1371 alias
524 1279 761 1419 Metiflroter
789 1281 917 1392 prima
954 1279 1103 1364 litteras
1136 1279 1373 1367 contradidit
1402 1280 1561 1368 Italicis.
1616 1279 1686 1368 De
1712 1279 1866 1403 Nonne
1891 1285 1969 1370 Tar·

290 1427 455 1520 helmini
476 1422 611 1509 sorore
634 1449 725 1535 quae
751 1422 999 1508 mechanicas
1016 1442 1142 1514 artes,
1172 1422 1300 1508 Curta
1334 1412 1541 1507 munim
1568 1419 1727 1519 Sisilsm
1750 1421 1803 1507 de
1829 1420 1968 1510 Asm-

291 1592 355 1662 ιιιι
379 1590 549 1683 quoque
573 1563 666 1648 alias
690 1562 765 1648 Dei
783 1561 933 1676 phaebes
955 1562 1125 1672 virgine
1138 1561 1298 1661 inclita,
1327 1563 1585 1651 Semiramide
1610 1563 1773 1673 regina
1800 1566 1968 1649 caeteris·

293 1736 377 1828 quc
403 1731 538 1823 poene
559 1705 782 1789 innumeris
819 1701 918 1814 quid
946 1700 1107 1788 dicam?
1147 1701 1229 1789 Ha
1259 1703 1470 1788 enimvero
1495 1700 1651 1787 cunsiae
1680 1697 1820 1788 exalia
1849 1703 1967 1827 indu·

290 1853 384 1942 stria
406 1845 472 1935 sua
494 1869 645 1932 nomen
663 1843 868 1954 pariter&
884 1843 976 1928 vitae
999 1842 1111 1927 ailus
1130 1841 1180 1927 ad
1199 1841 1383 1953 posteroe
1406 1841 1502 1929 cum
1517 1840 1635 1927 laude
1652 1838 1971 1933 nammise'runt.

292 1992 393 2085 Hoc
416 1987 580 2076 scientes
604 1985 662 2074 R.
684 1982 733 2072 P.
756 2007 841 2070 non
865 1985 963 2083 erit,
990 2007 1076 2095 quo
1108 1978 1189 2089 jam
1217 1981 1371 2069 defidiae
1396 1982 1514 2071 locus
1537 2005 1670 2093 pateat
1684 2004 1791 2073 reor.
1821 1983 1970 2073 nostrae

293 2134 419 2225 aetatie
446 2125 705 2226 hominibus,
733 2147 915 2238 quorum
942 2144 990 2209 ut
1022 2123 1246 2234 plurimum
1271 2121 1367 2209 vitae
1395 2125 1607 2235 occupatio
1636 2124 1786 2211 venien
1807 2123 1887 2217 esi>
1919 2122 1971 2221 de

294 2270 476 2362 senectus
495 2292 662 2354 morum
685 2264 902 2376 dissipatio,
930 2260 1207 2377 scelerumque
1229 2263 1351 2350 chaos
1377 2261 1742 2375 profirndiffimum.
1798 2262 1969 2376 Negant

296 2412 489 2528 sapientes
518 2433 566 2494 ac
590 2385 851 2517 philosophie
876 2402 1100 2489 deditiffimi
1124 2427 1334 2516 quemque
1365 2404 1472 2489 bene
1499 2404 1698 2516 beateque
1725 2405 1863 2491 vivere
1883 2403 1966 2491 stne

294 2549 569 2664 Philosophiae
586 2572 636 2653 ac
650 2547 897 2656 optimarum
919 2546 1067 2630 artium
1093 2540 1319 2655 disciplina,
1347 2545 1457 2633 unde
1477 2545 1614 2631 aslum
1634 2544 1691 2633 eli
1713 2545 1828 2658 quod
1847 2542 1968 2657 pleri·
1989 2517 2001 2543 ’

245 2746 268 2802 ¹.
297 2694 470 2812 que'his
497 2687 719 2777 amerosius
737 2684 958 2808 desociati,
985 2684 1167 2770 honores
1182 2684 1398 2786 calcarent,
1427 2684 1672 2796 projicerent
1697 2685 1876 2786 divitias,
1901 2687 1967 2781 iti·¹

297 2834 419 2950 iuriae
437 2833 552 2919 flocci
577 2829 823 2942 penderent,
851 2824 1082 2937 spernerent
1097 2843 1320 2933 corporum
1334 2827 1560 2927 muciatue,
1587 2823 1691 2938 ipsos
1714 2812 1886 2939 quoque
1912 2821 1968 2912 la·

282 2978 442 3076 'horem
468 2971 647 3082 vigilias,
674 2989 898 3052 extremam
923 2968 1043 3050 etiam
1067 2964 1272 3074 postremo
1303 2988 1581 3075 paupertatem
1611 2963 1835 3077 aequissimo
1856 2966 1968 3078 inge·

296 3120 367 3205 nio
381 3109 546 3200 ferrent
601 3107 685 3195 Alii
693 3126 742 3191 ut
755 3107 918 3191 liberius
936 3104 1068 3191 studio
1078 3101 1274 3214 sapientiae
1290 3125 1477 3191 vacarent
1489 3103 1717 3193 solitudines
1732 3105 1967 3218 vastammr'e

298 3273 486 3343 eremum
509 3249 775 3360 expetebam
804 3246 850 3334 δι
868 3267 917 3331 ut
937 3247 992 3330 ita
1004 3245 1176 3331 dixerim
1199 3241 1420 3331 manua
1439 3246 1583 3355 palatia
1609 3245 1833 3333 habitantes
1849 3244 1900 3331 ric
1917 3244 1969 3335 sie

287 3387 467 3483 ¹scientiis
492 3391 655 3476 animae
654 3386 920 3475 stomachum
944 3381 1175 3496 pascebam,
1203 3406 1251 3471 ut
1277 3388 1435 3496 proprii
1467 3389 1650 3499 corporis
1679 3386 1796 3474 obliti
1824 3387 1968 3475 cibum

296 3533 445 3649 ieiunia
460 3532 653 3617 ducerent
673 3527 910 3640 gravissima.
966 3524 1025 3614 Ειι
1051 3523 1143 3608 licet
1161 3528 1354 3615 omnibus
1375 3550 1491 3638 aeque
1510 3520 1752 3615 mdrtelibus
1772 3522 1967 3640 sapientie

277 3673 478 3771 <ludium
505 3669 760 3757 condumoile
794 3666 879 3752 satis
917 3653 1119 3777 superque
1147 3665 1356 3773 noscatur3
1378 3648 1489 3779 plus
1523 3688 1681 3767 umen,
1716 3690 1785 3755 me
1814 3665 1966 3778 judee,

298 3816 514 3975 proprium
533 3813 597 3897 his
615 3836 688 3924 qut
677 3810 796 3895 'aliis
827 3828 877 3893 ut
904 3805 1079 3919 praesint,
1108 3805 1232 3917 digni
1244 3804 1467 3931 habentem
1497 3830 1688 3919 quorum·
1703 3809 1784 3897 vlla
1812 3808 1968 3905 «roffio

262 3971 267 3978 '
299 3955 429 4089 prod·-
397 3950 486 4039 asse.
512 3951 634 4038 debet
656 3946 864 4057 subjectis,
893 3960 1215 4059 potentesquerr
1187 3945 1215 4030 s
1216 3969 1262 4035 nt
1286 3924 1527 4038 exhortari
1515 3964 1572 4039 ιιι
1577 3944 1670 4037 fine
1690 3946 1895 4051 desidua,
1920 3976 1969 4038 ac

300 4097 469 4209 eosqui
485 4117 565 4206 per
588 4092 704 4177 devia
731 4088 963 4175 oberrant
953 4112 994 4171 ιιι
1015 4087 1145 4173 salutis
1171 4084 1351 4177 semitam
1378 4086 1597 4194 reducere,
1624 4087 1846 4175 resistentes
1867 4114 1969 4204 quo-

301 4265 384 4354 que
408 4261 455 4323 ac
475 4252 773 4343 contemptores
796 4227 931 4341 gladio
949 4226 1067 4313 verbi
1083 4226 1208 4313 divini
1226 4225 1469 4338 propulsare
1507 4227 1689 4337 Oportet
1704 4252 1805 4339 ergo
1827 4255 1969 4343 quem·

299 4381 400 4469 libet
418 4371 841 4486 ejusmodierodimm
858 4361 948 4455 esse
972 4368 1063 4477 lege
1088 4390 1183 4457 cum
1208 4365 1368 4467 divina,
1384 4388 1484 4455 »tum
1507 4366 1708 4466 humana,
1735 4391 1783 4452 ut
1807 4366 1899 4467 sciat
1925 4372 1969 4463 ἃ

304 4544 416 4610 nora
434 4515 486 4634 de
504 4512 709 4606 veteriora
735 4505 1177 4601 &veteraedceaede
1203 4509 1335 4607 ttovir.¹
1353 4506 1518 4605 ·,:0mni
1541 4503 1703 4619 insuper
1722 4534 1814 4598 avo
1829 4511 1877 4605 :id
1899 4536 1981 4607 cat.

1064 4694 1067 4699 ·
1139 4702 1143 4709 =
1883 4674 1976 4739 rare
