4140 5310
118 424 122 433 ’
221 463 332 537 erm,
357 437 411 525 cb
434 437 618 553 Apolline
643 441 714 551 qui
742 441 1010 542 Medicinam,
1037 442 1298 556 ol’yebogoro
1320 446 1392 556 qui
1408 444 1739 550 Arithmeticom,
1768 451 1893 564 longe

217 579 409 693 oJulone
432 581 502 693 qui
518 579 817 680 Geometriom„
843 581 1053 669 Abrohom
1080 586 1150 695 qui
1169 585 1467 671 nstronomiam
1486 609 1533 673 ut
1561 586 1726 704 Josepbo
1746 592 1891 702 placet,

219 720 343 833 Jubol
362 722 434 832 qui
457 720 669 809 Mustcrm.
725 724 875 835 [eroge
890 746 938 821 ut
955 722 1080 826 ,semel
1099 725 1269 857 dicotur
1289 725 1483 828 Fetorem,
1504 729 1664 828 Solone,
1696 733 1889 845 Lycurgo,

216 864 289 976 qui
312 862 448 974 Leges
464 877 654 975 reperere
669 866 866 975 gentium.
905 865 1062 953 -utcen
1091 866 1271 971 Et‘unde
1293 862 1374 953 illic
1390 867 1477 952 hnc
1498 870 1661 955 omnio?
1687 871 1759 959 Ab
1774 897 1888 957 exer·

214 1005 400 1092 citatione
433 1007 649 1105 nimirum,
678 1030 822 1117 opera,
852 1006 1069 1118 studioque
1103 1006 1312 1120 sapientie,
1386 1009 1432 1094 ln
1466 1008 1537 1107 illo
1571 1015 1729 1123 quippe
1757 1037 1885 1127 nureo¹

212 1145 368 1233 mundo
390 1143 471 1240 sive
487 1144 630 1233 &culo
649 1149 722 1259 qui
742 1168 839 1233 tunc
855 1169 940 1233 etot
966 1148 1120 1257 nonnifi
1140 1146 1333 1261 sapientiae
1357 1149 1617 1235 studiofiffimi
1642 1176 1812 1263 regnare
1828 1151 1886 1239 so·

212 1290 369 1384 lebrnt',
398 1291 471 1403 qui
491 1290 841 1404 utiliortquaeque
860 1287 1069 1377 funderent
1084 1289 1342 1381 hominibus,
1370 1315 1549 1389 necnon
1577 1293 1618 1379 u
1643 1289 1886 1397 &monebo

211 1456 336 1545 opere
354 1429 577 1540 intelligere
599 1430 741 1517 durent
767 1429 1003 1553 hominibus
1028 1427 1225 1543 sopientiae
1247 1431 1569 1542 praepoucodum
1595 1434 1708 1521 nihil.
1732 1488 1736 1494 -
1757 1435 1884 1543 :Quid

209 1573 260 1668 de
290 1571 435 1658 nostrae
461 1595 631 1682 quoquc
659 1569 874 1655 christiane
905 1573 1109 1682 religionis
1138 1571 1204 1656 vel
1227 1572 1474 1672 cultoribus,
1513 1573 1579 1659 vel
1602 1569 1883 1689 defensoribus

211 1707 469 1801 referendum
496 1733 663 1821 putem,
700 1737 797 1796 cum
827 1711 933 1796 illius
964 1713 1087 1820 etiorn
1114 1709 1387 1823 persecutores
1414 1740 1461 1799 oc
1487 1711 1557 1799 fibi
1589 1715 1680 1828 ipss
1709 1742 1881 1832 quoque

207 1854 451 1943 crudeliores
471 1854 630 1964 tyranni
657 1851 793 1939 litteris
815 1853 868 1937 ito
895 1851 1173 1953 incubuerint,
1202 1875 1248 1938 ut
1263 1856 1317 1939 in
1340 1851 1492 1951 bellicis
1515 1878 1687 1969 quoque
1711 1837 1880 1968 expedi·

207 1995 388 2083 tionibus
408 1993 487 2079 iliis
507 1989 738 2081 infuderint.
790 1992 907 2081 Nero
931 2015 1183 2105 quemquem
1207 1993 1426 2081 hominum
1448 1998 1638 2097 omnium
1662 1986 1876 2089 nudeoffi·

205 2161 321 2228 mus,
349 2131 463 2243 cujus
481 2134 643 2219 luxurio
667 2134 711 2221 dr
729 2133 857 2223 crudo
873 2134 1097 2241 immunitos
1112 2135 1302 2220 omnium
1317 2160 1435 2223 aures
1450 2135 1703 2247 oppleverit3
1727 2136 1879 2250 sapien·

204 2276 336 2367 tiffimi
356 2296 496 2365 tornen
508 2300 555 2360 oc
575 2276 688 2361 omni
710 2292 801 2360 aevo
818 2272 975 2358 colendi
994 2280 1144 2361 Senecae
1163 2272 1394 2387 Philosophi
1416 2277 1645 2388 magisterio
1673 2274 1767 2365 usus
1781 2277 1879 2368 litio

210 2419 406 2531 Trolomer
433 2414 663 2526 Imperator
685 2413 804 2522 cujus
831 2415 984 2525 ingenii
1012 2415 1171 2511 bonitas
1195 2416 1337 2501 nostris
1364 2441 1536 2528 quoque
1561 2403 1731 2513 minime
1760 2444 1878 2526 pere·

201 2542 318 2672 grino
338 2555 592 2643 Plutarchum
621 2554 859 2667 magistrum
883 2553 1042 2669 hebuit,
1070 2555 1144 2668 qui
1169 2552 1353 2664 ejusdem
1381 2557 1643 2667 Imperatoris
1668 2556 1874 2663 beneficiis

199 2699 450 2797 cumulatus,
477 2697 630 2785 librum
651 2694 819 2808 scripsit,
845 2697 917 2808 qui
937 2695 990 2783 de
1014 2693 1276 2781 iostmbiione
1300 2696 1464 2808 Rolano·
1485 2693 1732 2798 inscribitur,
1759 2699 1875 2787 unde
1929 2798 1942 2808 ‚

206 2842 402 2952 Trojonur
424 2831 553 2950 pluris
574 2834 708 2924 facere
720 2837 857 2920 solitus
878 2858 961 2919 etot
977 2834 1176 2922 Plutarchi
1196 2837 1404 2948 ingenium
1416 2839 1458 2924 dr
1474 2836 1723 2947 sapientiam,
1741 2864 1868 2951 quom

84 2978 87 2983 ’
198 2979 305 3069 surm
329 2980 394 3065 vel
420 2975 628 3063 fortunam
655 2977 720 3061 vel
753 2978 987 3087 potentiam.
1047 2976 1164 3088 Quid
1189 2976 1239 3060 de
1263 2972 1486 3064 Alextmdri
1515 2979 1666 3088 Magni
1688 2982 1869 3090 ingenite

198 3121 384 3231 bonitatis
411 3117 604 3203 industrio
629 3118 705 3202 lori
732 3117 851 3203 loude
878 3117 1050 3227 dignum
1081 3115 1250 3228 poffim,
1289 3119 1362 3230 qui
1397 3142 1419 3201 r
1454 3121 1599 3203 teneris
1633 3121 1868 3231 unguiculis

195 3258 449 3374 Auliotelem
473 3254 703 3370 principem
726 3256 1065 3368 Philosophorum
1090 3255 1349 3370 Pcdogogon
1376 3260 1549 3351 meruit,
1575 3285 1598 3345 e
1622 3285 1708 3372 quo
1728 3256 1868 3372 perfe-

193 3401 358 3491 iiissime
387 3396 554 3484 edusius
583 3401 791 3511 magni&
821 3399 1014 3511 principis
1038 3399 1081 3486 dr
1101 3400 1370 3512 imperatoris
1402 3424 1555 3485 nomen
1590 3396 1749 3486 sortitus
1781 3403 1864 3489 estc

196 3543 436 3660 Pythagoras
455 3565 626 3653 quoque
652 3549 728 3636 (ut
743 3540 862 3625 altius
885 3540 983 3651 quid
1000 3549 1210 3651 repetam)
1238 3533 1568 3653 perseiiisiimum
1584 3566 1693 3652 opos
1713 3539 1873 3653 sapien·
1962 3576 1968 3583 ·

192 3688 295 3772 tirou
317 3689 482 3788 lucente
506 3683 656 3792 puriter
679 3683 812 3767 omnis
840 3680 1056 3765 honestetis
1086 3680 1355 3794 percipiendae
1377 3680 1636 3791 cupiditatem
1664 3681 1865 3793 ingressus

191 3824 323 3939 (nihil
337 3824 448 3908 enim
464 3823 514 3910 rd
536 3822 730 3907 ultimum
742 3817 807 3907 sui
827 3844 1125 3933 pervenmrum
1151 3822 1207 3906 est
1232 3821 1376 3917 finem,
1390 3820 1519 3934 guod
1538 3823 1684 3923 non&
1703 3847 1872 3917 moture-

165 3967 234 4056 dr
256 3966 439 4051 celeriter
461 3964 637 4073 incipit)
664 3966 892 4076 Aegyptum
912 3964 1052 4074 petiit,
1077 3963 1151 4050 ubi
1174 3962 1316 4057 litteris
1339 3965 1473 4076 gentis
1497 3960 1587 4072 ejus
1607 3957 1872 4073 alinefriius,¹

187 4108 377 4222 preteriti
404 4107 481 4190 uvi
507 4102 755 4189 secerdotum
784 4107 1098 4189 commentarios
1118 4102 1337 4205 scrutatus,
1362 4104 1721 4189 innumerabilium
1741 4102 1860 4191 saecu·

185 4249 324 4335 lorum
355 4240 655 4330 observationes
690 4245 896 4355 cognovit.
966 4243 1067 4331 lnde
1104 4244 1156 4329 cd
1195 4245 1330 4356 Persas
1364 4239 1595 4355 profectus,
1624 4239 1869 4356 ‘magorum-

185 4384 437 4474 exrihffimae
472 4385 697 4497 prudentiae
730 4380 769 4468 se
801 4378 1063 4475 formondum
1090 4383 1262 4473 tradidit.
1320 4383 1434 4472 Pluto
1459 4387 1631 4494 patriam
1663 4363 1879 4482 Athenon?
1980 4469 1983 4474 .

31 4516 37 4533 ’
183 4545 481 4644 preceptorem
510 4538 651 4615 cutem
686 4526 890 4616 Socratem
923 4521 1085 4614 sortitus
1113 4526 1157 4617 dr
1185 4526 1327 4617 locum
1355 4527 1400 4617 dt
1424 4525 1638 4629 bominem
1661 4524 1871 4754 tlfpiinm
