4140 5310
695 286 698 291 ’
861 270 1206 378 ss
1648 333 1653 342 .
1818 292 1869 359 ιι

195 487 288 550 tare
311 478 466 546 utnon
488 386 527 543 se
545 455 862 544 solocontentus
883 457 928 543 st
947 453 1077 542 elieve
1099 457 1216 575 velit3
1244 458 1330 541 into
1352 453 1499 542 dailos
1517 456 1764 568 quosque&
1782 452 1874 564 scio
1961 570 1966 587 ‚

195 602 261 689 los
280 555 463 687 subditos
479 597 693 713 poffideat3
720 597 829 688 unde
862 600 1040 707 Vegetius
1067 564 1269 710 querulari
1291 598 1469 683 maxime
1492 595 1630 681 solitus
1653 619 1757 696 erat,
1781 573 1873 709 plu·

193 765 262 830 ree
288 738 327 827 se
346 727 483 827 dicens
502 737 700 850 possidere
720 736 923 838 subditos,
954 735 1019 822 sed
1044 762 1188 848 parum
1204 732 1418 847 disciplinae
1436 738 1617 823 idoneos.
1673 736 1899 870 Natura-m¹
1942 814 1945 818 ,

196 883 312 969 enirn
340 880 519 966 hominis
547 877 569 990 (
581 902 630 964 ιιι
658 877 904 1011 labentius
908 880 963 963 ait
982 875 1080 963 libro
1099 881 1144 962 de
1157 873 1264 993 [ηιμ
1278 873 1503 992 sapientia)
1533 879 1645 965 Deus
1670 880 1773 965 hanc
1794 866 1874 962 else
2010 880 2028 895 ‘

197 1023 332 1110 voluit
354 1043 401 1105 ut
429 1018 603 1104 duarum
625 1041 765 1103 rerum
792 1019 922 1103 homo
945 1017 1117 1129 cupidus
1140 1019 1182 1104 dr
1207 1022 1400 1130 appetens
1421 1013 1785 1132 soret,‘religionis
1814 1015 1873 1104 vi·

202 1162 345 1257 delicet
369 1161 411 1248 dr
443 1140 653 1271 sapientiae.
710 1156 795 1246 Sed
825 1158 1011 1243 homines
1050 1159 1142 1242 ideo
1170 1155 1386 1250 falluntur,
1401 1160 1404 1165 ’
1419 1162 1492 1272 qui
1527 1182 1596 1261 aut
1631 1153 1873 1272 religionem

205 1301 283 1418 line
304 1297 489 1412 sapientia
511 1297 750 1409 suscipiunt,
779 1321 849 1384 aut
871 1301 1065 1411 sapientiae
1093 1296 1163 1382 soli
1179 1297 1359 1396 student,
1386 1300 1583 1409 religione
1601 1300 1760 1399 omissa,
1776 1326 1874 1386 eunt

203 1466 336 1529 tamen
371 1441 543 1529 alterum
577 1439 659 1523 fine
684 1439 810 1523 altero
837 1461 908 1524 aut
934 1463 1080 1551 parum
1103 1439 1226 1548 profit
1248 1458 1318 1522 aut
1348 1438 1461 1524 nibil
1518 1440 1575 1525 Et
1595 1419 1671 1555 uui
1693 1438 1873 1526 lmodum

157 1637 162 1646 -
200 1581 378 1695 epistolar
411 1603 622 1692 utcunque
658 1579 819 1676 excelsi,
849 1605 967 1669 nunc
1001 1603 1168 1691 quoque
1196 1578 1320 1663 finem
1350 1573 1531 1664 failurus
1558 1579 1598 1664 re
1625 1604 1730 1694 rogo
1759 1604 1873 1691 pater

187 1719 564 1815 observantissime,
594 1742 640 1804 ut
669 1717 697 1802 st
724 1716 912 1830 inspienr
941 1714 1213 1818 indusium,
1248 1721 1335 1804 haec
1358 1718 1525 1819 auribus
1553 1722 1654 1821 tuis,
1686 1723 1874 1832 ingerens

119 1924 156 1972 ·.
202 1856 310 1946 feras
330 1861 569 1971 patienter..
611 1858 808 1944 Libenter
839 1861 949 1945 enim
972 1855 1199 1970 inspientes
1228 1854 1335 1943 ferre
1372 1857 1560 1957 debebis,
1587 1857 1669 1970 ipse
1702 1887 1798 1948 cum
1826 1862 1874 1948 fis

201 1999 368 2112 sapiens.
424 1998 528 2089 Vale
563 1994 663 2083 felix
697 2000 816 2084 nobis
848 2002 892 2085 ιιι
918 1999 1041 2088 fineen
1074 2023 1219 2109 usque.
1275 1999 1345 2086 Ex
1373 2001 1563 2084 coenobio
1594 2001 1709 2085 sansti
1731 2002 1874 2113 Jacobi

135 2191 140 2199 ¹
202 2165 337 2253 prope
357 2138 617 2249 Moguntianr
639 2152 747 2226 anno
760 2139 824 2227 Μ.
841 2138 1163 2254 quingentesimo
1183 2138 1426 2222 duodecimo
1444 2138 1574 2247 pridie
1592 2140 1683 2226 Kal.
1693 2141 1873 2231 Martias.
1987 2202 1991 2209 -

204 2283 331 2369 Anno
359 2279 682 2394 quingentefimo
704 2279 921 2390 undecimo
949 2275 1066 2389 supra
1081 2272 1338 2362 millefimutn
1360 2279 1533 2389 virginei
1559 2255 1697 2392 parcus
1722 2282 1872 2368 christi·

143 2447 146 2453 ·
203 2416 301 2507 ferae
327 2424 501 2519 Moriae',
529 2420 620 2531 post
647 2417 885 2505 venerabilis
906 2417 1131 2505 Hermanni
1160 2417 1335 2504 Abbatis
1362 2417 1414 2502 de
1437 2416 1563 2529 hujus
1585 2418 1705 2506 seculi
1731 2449 1874 2510 aerum·
1944 2436 1955 2450 '

204 2564 302 2649 nolo
325 2562 546 2661 certamine
572 2554 795 2658 decessum,
826 2561 899 2670 qui
924 2561 986 2642 uti
1018 2560 1083 2643 vir
1114 2556 1259 2643 doslus
1287 2584 1334 2644 ac
1366 2559 1545 2645 auditus
1570 2563 1875 2675 multarumque

205 2724 345 2789 rerunt
375 2697 541 2787 scientia
559 2699 775 2785 adornatus
801 2696 1013 2808 magnifice
1038 2695 1338 2782 Bibliothecam
1372 2701 1601 2810 ampliavit,
1618 2725 1752 2817 atque
1782 2718 1874 2818 tuin

190 2839 339 2929 'esset
327 2868 371 2926 ιιι
400 2841 512 2925 omni
541 2864 647 2951 pene
677 2832 1031 2949 temporestquoad
1059 2838 1190 2936 vixit
1213 2838 1371 2922 litteris
1380 2837 1666 2934 deditillimus
1695 2871 1741 2930 ac
1768 2848 1874 2939 inter

205 2981 433 3069 Germania
453 2978 681 3067 Abbates
669 2985 711 3062 ιιι
750 2975 918 3062 scientiis
949 2979 993 3064 dr
1026 2975 1221 3061 doetrinae
1246 2973 1450 3086 sapientia
1457 2980 1557 3063 nulli
1580 2979 1793 3084 secundus,
1831 2990 1873 3074 ld

191 3125 384 3211 'maxime
412 3122 590 3218 curavit,
617 3143 779 3205 utnon
801 3125 882 3226 jam
903 3117 1116 3228 petituris,
1143 3119 1267 3201 vanis.
1282 3143 1328 3201 ac
1346 3119 1511 3204 ,caducis
1539 3116 1708 3220 diuitiis,¹
1734 3120 1801 3211 sed
1830 3122 1873 3216 δι’

208 3260 479 3347 occasionibus
506 3259 610 3343 bene
643 3257 804 3342 vivendi
835 3257 855 3368 (
863 3279 962 3367 quas
992 3282 1075 3339 non
1106 3257 1326 3367 vulgariter
1354 3258 1578 3346 litterarum
1595 3284 1723 3348 arnor
1746 3271 1876 3352 nutrit
2044 3234 2063 3311 .'

203 3388 418 3506 ecfovet)
447 3394 702 3484 commissum
729 3398 800 3483 fibi
826 3406 1007 3509 gregem
1022 3394 1177 3482 ditaret.
1231 3394 1362 3497 Nam,
1391 3421 1440 3482 ut
1467 3424 1554 3485 rem
1580 3405 1719 3512 paucis
1750 3403 1875 3491 absol·

192 3566 328 3640 vam,
357 3535 546 3624 Abbas
532 3565 614 3646 Jatn
642 3531 770 3621 sallus
791 3562 920 3648 parvo
950 3537 1041 3621 licet
1069 3561 1243 3621 numero
1272 3538 1430 3624 codices
1456 3565 1645 3652 quosque
1678 3551 1875 3654 repererit
1978 3564 1990 3590 ⁸

204 3681 246 3767 in
275 3680 452 3769 armeno
485 3680 542 3763 ob
579 3677 639 3762 ιιι
655 3700 761 3801 puto
789 3677 992 3788 pracipue
1022 3679 1134 3788 quod
1163 3669 1375 3760 deformati
1403 3671 1616 3771 monachi,
1602 3708 1717 3794 ‚qut
1706 3686 1876 3775 locum

205 3822 318 3917 annis
337 3817 421 3927 jaro
438 3796 625 3930 pluribus
650 3781 917 3903 inhabitarant
945 3820 998 3918 (a
1015 3813 1181 3903 secunda
1198 3814 1401 3902 scilicet
1366 3843 1454 3924 etus
1474 3818 1765 3926 delirullione,
1781 3852 1876 3940 quae
1990 3828 1992 3832 ’

149 3954 155 3966 ’
204 3954 309 4049 latta
328 3956 524 4044 suitanno
541 3955 923 4047 MCCCXXVlll
943 3956 1141 4043 acivibus
1160 3955 1417 4067 Moguntinae
1431 3960 1628 4072 civitatis)
1656 3955 1874 4073 pluscurae
1932 4070 1935 4081 ι

191 4080 285 4187 ιιιιιι
309 4098 362 4183 de
384 4094 617 4208 supelleclili
639 4100 677 4178 δι
703 4093 850 4182 familie
868 4070 1016 4183 domus
1037 4098 1213 4207 propriae
1247 4102 1367 4200 (nam
1391 4101 1568 4209 propriis
1593 4112 1876 4224 untuquisque
2010 4222 2016 4227 ι

113 4243 115 4247 ’
208 4237 410 4351 stipendiis
425 4234 499 4324 sub
518 4237 600 4321 loci
617 4237 779 4327 Abbate
794 4236 1016 4342 militabat)
1043 4257 1168 4350 quant
1195 4238 1296 4353 quid
1318 4241 1547 4325 communis
1564 4241 1722 4332 officina
1740 4251 1876 4365 requi·
1953 4332 1969 4365 Ι,

206 4400 342 4468 reret,
370 4370 448 4461 elle
474 4375 683 4464 solicitum.
749 4374 842 4463 Nec
868 4376 1024 4481 inficior
1050 4369 1292 4462 doiiilstmos
1322 4405 1508 4494 quosque
1535 4381 1654 4471 fuisse
1681 4391 1801 4475 etiant
1828 4416 1876 4475 ea

207 4515 442 4633 tempestate-
474 4518 517 4604 iu
551 4517 645 4621 hoe,
668 4519 856 4606 coenobio
892 4518 1137 4619 monachos,
1175 4539 1222 4605 ut
1250 4519 1344 4641 alibi
1359 4520 1413 4608 vin
1451 4512 1633 4636 catalogo
1660 4527 1874 4619 Abbatum
1984 4504 1986 4508 Α

1028 4653 1068 4761 C
1094 4686 1122 4771 a
1414 4715 1416 4719 v
1790 4662 1875 4772 ierit
