4140 5310
768 221 1114 336 -ὠπ
1733 253 1782 340 15

108 381 287 539 speetu
274 444 360 507 amo
387 416 579 503 omnibus
600 430 648 500 a'e
668 414 877 532 lingulis
848 433 931 499 non
958 415 1076 526 potui
1094 437 1178 498 uon
1200 352 1435 511 condolere,
1468 399 1628 499 studtos
1627 439 1644 498 s
1660 402 1783 501 leilo-

109 564 222 650 ribus
253 560 355 675 (qui
376 583 459 644 uon
480 554 560 665 jam
586 543 685 668 quid
709 553 773 640 sed
801 555 961 666 &quis
990 551 1095 640 dicat
1118 543 1212 638 scire
1240 546 1501 639 necessarium
1529 547 1698 666 putant)
1727 560 1785 642 in

108 708 236 791 tuitus
260 698 492 810 complures
521 694 792 808 (negligentia
816 716 861 779 ut
885 718 980 778 reor
999 692 1270 805 scriptorum)
1303 693 1473 778 Codices
1496 720 1542 780 ac
1573 698 1783 784 volumina·

108 845 135 930 s
136 866 188 930 ne
214 844 357 934 titulo,
387 837 414 921 s
416 864 467 922 ne
494 860 606 924 certo
635 832 814 932 auriore:
882 834 945 922 Ea
973 824 1091 947 ipsa
1079 834 1204 944 rgitur
1227 859 1272 919 re
1297 825 1512 944 permotus·
1539 836 1784 950 (praesertim

107 1010 205 1071 eum
226 982 323 1068 illud
347 998 518 1092 quoque
541 978 700 1088 placere
719 975 879 1061 studros
879 1001 897 1059 s
921 972 1155 1089 quibusque
1182 965 1289 1061 baud
1316 968 1483 1061 obscure
1515 972 1785 1090 intelligerem

110 1127 154 1213 8r
179 1124 352 1209 maxime
376 1111 451 1204 tibi
477 1136 590 1229 pater
619 1107 924 1216 humanissime,
951 1118 1022 1226 qui
1054 1116 1136 1203 8ι
1124 1118 1395 1202 inventarium
1420 1115 1713 1203 conscribere
1700 1136 1784 1227 Jam

112 1239 268 1376 pridem
289 1259 556 1349 Bibliotheca
573 1258 716 1343 nostrae¹
739 1256 983 1365 mandaras)
1010 1245 1160 1343 titulos
1168 1257 1369 1345 librorum
1386 1277 1434 1344 ac
1457 1261 1622 1344 nomina·
1646 1233 1790 1343 ausin

111 1423 205 1490 ιιιιιι
229 1400 455 1487 eorundem
479 1416 557 1512 per
577 1395 727 1484 diversa
758 1398 966 1483 volumina
994 1387 1305 1506 resperlorum
1291 1424 1333 1483 m
1362 1413 1493 1485 unum
1521 1402 1646 1484 breve
1674 1414 1784 1484 com

107 1565 274 1659 portare
301 1541 448 1629 studui⁴
505 1538 645 1626 Primo
670 1538 762 1623 loco
782 1555 932 1623 nomen
955 1527 1129 1622 aussoris
1147 1554 1305 1649 ponens
1318 1584 1334 1636 ι
1362 1539 1454 1625 dein
1477 1533 1639 1652 gradus,
1656 1543 1783 1654 digni·
1891 1598 1897 1606 -

32 1800 39 1810 ⁸
110 1706 207 1773 tates
240 1709 316 1770 nee
348 1705 433 1769 non
458 1679 666 1794 praedicata
697 1677 863 1764 cuilibet
896 1679 1024 1788 magis
1055 1681 1243 1790 propria,
1269 1680 1476 1793 postremo
1502 1684 1640 1769 titulos
1662 1677 1782 1770 libross
1922 1692 1926 1699 “

111 1850 204 1909 ιιιιιι
225 1845 274 1909 ac
303 1815 527 1921 eorundem
553 1820 646 1904 exin
679 1819 894 1931 principia,
928 1816 1087 1930 sperans
1117 1820 1159 1905 id
1188 1817 1455 1930 profuturum
1482 1820 1591 1908 haud
1623 1814 1786 1912 modice

112 1963 339 2064 nonnullis,
368 1963 441 2046 tibi
462 1985 630 2072 quoque
649 1958 810 2072 optime
826 1958 951 2047 Abba
975 1980 1058 2043 noa
1084 1954 1174 2044 fore
1211 1960 1429 2072 ingratum.
1487 1965 1649 2075 Optimi
1672 1968 1783 2049 euim
1874 1960 1877 1964 ’

111 2102 187 2190 viri
204 2103 415 2216 patrisque
434 2127 529 2187 cum
549 2102 658 2187 vices
676 2100 723 2186 fis
742 2087 960 2199 assecutus,-
989 2118 1073 2184 ιιοιι
1089 2099 1232 2185 decent
1258 2121 1298 2187 te
1320 2091 1393 2186 nisr'
1414 2107 1588 2214 optima,
1617 2096 1667 2188 ad
1692 2109 1785 2218 quar
1909 2166 1911 2171 ,
2020 2202 2033 2220 Ι

111 2246 309 2330 nimirum
343 2241 618 2354 conquirenda
643 2265 727 2327 ιιοιι
750 2241 973 2351 vulgariter
1000 2258 1118 2325 amor
1143 2229 1258 2350 juvat
1279 2240 1517 2329 litterarum.
1573 2234 1785 2331 Laudatur

113 2384 227 2473 Plato
247 2411 275 2470 a
296 2385 392 2472 viris
415 2380 677 2494 gravissimis,
708 2375 822 2493 quod
844 2400 916 2466 eos·
938 2376 1358 2493 rerumpublicarum
1380 2382 1665 2493 gubernaculis
1685 2410 1785 2497 prata

112 2524 190 2613 esse
212 2525 409 2621 voluerit,
439 2523 510 2635 qui
528 2543 597 2631 aut
612 2515 739 2606 essent
762 2515 954 2633 sapientes
979 2538 1048 2609 aut
1072 2519 1207 2606 saltem
1232 2521 1431 2636 sapientiae
1448 2524 1608 2610 studiofi
1628 2525 1708 2611 hoc
1727 2527 1784 2611 est

113 2670 323 2771 φιλόσοφοι
373 2658 477 2767 Quae
501 2660 734 2749 tibiautem
761 2661 825 2744 vir
844 2656 1123 2755 laudatilllme!
1152 2658 1364 2748 Doslrinae
1389 2653 1637 2776 sapientiaeve
1666 2683 1786 2778 argue

110 2824 246 2899 menta
267 2826 351 2887 ιιοιι
376 2791 640 2912 respondent!
669 2796 812 2912 ltaque
837 2821 886 2885 ut
904 2793 1004 2893 mihi
1027 2798 1255 2911 plurimum
1277 2801 1427 2886 latenas
1451 2799 1559 2896 sum,
1578 2800 1631 2890 ita
1657 2807 1782 2917 majo·

110 2967 201 3030 rem
224 2943 270 3027 in
290 2941 461 3028 modum
484 2941 556 3027 tibi
578 2944 681 3052 patri
704 2940 944 3050 amplissimo
968 2943 1171 3052 gratulor,
1202 2941 1315 3060 quod
1338 2942 1473 3026 omnia
1499 2944 1544 3026 fis
1564 2941 1718 3030 summa
1739 2950 1781 3032 iu

110 3082 215 3169 hauc
230 3082 338 3168 diem
357 3102 425 3169 tua
447 3077 600 3169 summa
616 3105 712 3165 cum
726 3081 916 3190 dignitate
931 3081 1201 3193 adeptus&id
1211 3078 1392 3168 sanenon
1403 3084 1529 3201 modo
1543 3101 1626 3170 non
1638 3100 1780 3198 petens

15 3332 22 3343 μ
114 3227 190 3326 (ut
203 3217 369 3309 assolent
388 3221 554 3335 quidam
567 3219 800 3305 ambitionis
822 3242 982 3307 tumme
998 3219 1119 3339 elatis)
1147 3211 1279 3307 sedne
1296 3220 1463 3333 cupiens
1484 3225 1783 3337 quidem‚&ob
1883 3273 1886 3279 ,

111 3363 153 3450 id
178 3362 402 3449 mirabilior
433 3364 561 3472 magis
588 3380 657 3447 tua
686 3359 856 3471 dignitas
883 3387 968 3474 quo
999 3363 1134 3447 minus
1164 3364 1309 3473 cupita.
1367 3362 1468 3450 Tuae
1492 3368 1603 3450 enim
1627 3364 1705 3453 illae
1733 3369 1785 3454 la·
1889 3416 1895 3425 -

36 3604 40 3608 ,
112 3529 284 3617 erymae,
314 3499 383 3588 tua
411 3500 557 3614 (quod
583 3523 650 3586 tua
680 3523 815 3587 tamen
842 3527 940 3613 pace
965 3501 1118 3587 disiurn
1145 3504 1303 3616 velim)
1332 3500 1545 3614 refistentia
1570 3508 1784 3620 indignita-

112 3647 247 3757 tisque
268 3638 479 3740 codicillo,
509 3642 632 3729 animi
656 3642 1001 3728 mansuetudinem
1019 3653 1093 3733 nec
1115 3669 1199 3728 ιιοιι
1225 3643 1355 3728 cordis
1381 3643 1649 3732 humilitatem
1676 3648 1787 3735 baud

111 3781 274 3896 illepide
296 3783 582 3871 monstrarunt.
641 3781 803 3874 Verum
832 3783 933 3869 dixit
964 3784 1147 3895 quidam,
1176 3783 1275 3869 sicut
1303 3780 1524 3870 recusantes
1547 3812 1593 3871 ac
1623 3787 1787 3876 ordines

110 3949 291 4011 necnon
315 3924 529 4035 dignitates
559 3922 829 4010 ecclefiasticas
858 3919 1126 4036 refugientem
1164 3923 1482 4023 trahendum,
1513 3923 1563 4011 src
1590 3927 1815 4016 nimirum

109 4065 333 4153 ambientes
353 4064 541 4174 pellendi.
599 4064 701 4175 Quo
725 4060 770 4149 fit
796 4062 945 4150 uelatis
968 4060 1171 4180 superque
1196 4059 1403 4178 perspicue
1431 4067 1673 4178 cognoscere
1686 4072 1787 4187 scui-

112 4230 195 4317 que
220 4206 335 4296 liceat
358 4226 485 4317 quam
511 4229 698 4316 acceptus
724 4207 944 4293 immortali
968 4207 1063 4293 Deo
1088 4230 1285 4319 carusque
1314 4205 1372 4293 sis.
1430 4206 1532 4296 Non
1568 4212 1677 4296 enim
1708 4209 1786 4296 fine

60 4416 70 4422 ..
111 4345 250 4434 divino
276 4347 458 4460 quodam
483 4343 644 4435 counio
667 4374 711 4432 ac
735 4358 870 4434 mente
886 4349 1133 4434 mortalibus
1161 4346 1231 4435 vix
1251 4347 1526 4461 penetralibus
1547 4347 1786 4473 hujusmodi
1857 4396 1859 4400 ·
1988 4373 1991 4379 ·

107 4485 220 4663 boue
242 4489 485 4616 eontuguut
509 4488 748 4580 hominibus
773 4490 1103 4605 obveniuntque,
1130 4485 1197 4577 sed
1225 4487 1341 4602 cuius
1364 4488 1510 4581 aeterna
1530 4493 1787 4607 prouidentia

1665 4627 1847 4716 infe
