4094 5288
785 206 1133 317 ἕψε-..-
1291 246 1296 257 ·
1760 229 1790 315 9

227 394 324 480 Fata
351 344 475 503 Iulios
501 390 767 481 Bibli0theeae
794 390 899 480 inter
917 393 1066 508 septem
1092 393 1277 478 miranda
1296 391 1525 480 Germaniae
1552 386 1788 502 specimina
1877 418 1881 425 ·

115 533 207 645 jure
233 537 382 620 merito
406 557 626 620 numeratae
644 560 697 618 ex
721 535 912 620 incendiis
933 536 975 623 dr
997 533 1092 619 belli
1117 531 1270 642 injuriis
1295 528 1475 645 perpessa
1495 521 1691 644 prolixius
1720 532 1786 616 hic

112 675 195 789 <ne
212 674 422 761 refricetur
448 677 569 760 animi
593 682 772 782 moeror)
800 694 1126 760 commemorare
1157 672 1388 781 nolumus.
1418 669 1611 760 Indicasse
1640 668 1785 756 solum·

113 815 241 901 modo
267 812 450 912 sufficiat,
481 814 595 928 quod
616 839 805 927 tempore
828 815 923 900 belli
940 813 1163 899 tricennalis
1188 841 1209 898 a
1231 811 1372 901 Suecis
1400 811 1538 898 misere
1562 806 1684 896 fuerit
1718 836 1785 896 ex·
1964 888 1967 895 .

113 959 260 1067 pilata,
290 954 400 1039 libris
428 954 622 1067 impreffis
639 958 682 1042 dr
705 955 912 1042 codicibus
940 953 1214 1067 manuscriptis
1244 952 1398 1064 majore
1423 980 1476 1039 ex
1498 951 1618 1066 parte‘
1634 953 1785 1039 ablatis.

115 1094 356 1180 Eorundem
376 1090 576 1207 plures'in
600 1094 904 1202 Bibliothecam
918 1095 1115 1181 Ducalem
1140 1096 1519 1185 Saxo-Gothorum
1548 1089 1785 1206 pervenisse,
1923 1142 1928 1153 ·

117 1234 251 1349 prodit
274 1235 451 1339 eiusdem
477 1234 697 1346 Catalogus
727 1236 914 1322 codicum
941 1233 1306 1348 manuscriptorum
1332 1237 1385 1323 ab
1409 1233 1574 1352 Ernesto
1599 1231 1680 1321 Sal.
1716 1232 1786 1346 Cy·

110 1379 251 1490 priruo
274 1376 401 1461 editus
431 1377 475 1464 δι
503 1376 641 1490 Lipfiae
667 1404 732 1464 nrt.
762 1374 991 1493 MDCCXI
1000 1378 1045 1463 V.
1075 1373 1301 1488 impressor.
1358 1374 1441 1485 Qui
1475 1403 1508 1461 1.
1531 1400 1622 1488 pag.
1647 1404 1672 1487 3
1695 1398 1785 1459 nto.

115 1516 262 1608 XVII.
293 1513 464 1602 recenset
489 1537 660 1628 quotuor
690 1515 910 1628 Evangelio
946 1543 1039 1602 cnm
1069 1517 1283 1603 Conorrilrm
1312 1513 1464 1629 Eusebir'
1491 1520 1543 1611 θ’
1561 1490 1786 1630 ¹Copirnlnri
1909 1570 1911 1574 -

116 1657 411 1768 evangeliorum
435 1661 532 1743 anni
555 1655 700 1744 circuli.
757 1659 909 1744 Manus
926 1659 1125 1743 recentior
1149 1657 1367 1769 adscripsit:
1405 1656 1474 1771 Iste
1499 1658 1594 1772 liber
1612 1657 1786 1771 pertinet

116 1800 165 1885 nd
186 1797 388 1927 librariam
410 1791 532 1910 fitnssi
555 1799 729 1883 Martini
743 1796 918 1909 Ecclefiae
926 1797 1272 1912 Mognrrtinettfis.
1293 1824 1331 1884 2.
1352 1797 1614 1887 Asservantur
1633 1797 1785 1884 ibidem

10 2036 24 2043 .-
117 1936 233 2048 juxtn
260 1936 352 2050 pag.
378 1962 416 2050 5.
446 1965 557 2022 nom.
587 1936 763 2025 XXXI.
800 1937 1000 2053 Expofitt'o
1029 1937 1184 2054 mystico
1217 1939 1333 2053 snper
1358 1937 1506 2026 librum
1539 1935 1788 2057 Pfirinrorum
1872 1999 1877 2012 ·

118 2056 218 2165 edito
237 2100 309 2193 per
328 2080 394 2165 Fr.
413 2078 627 2166 Nicolaum
649 2082 694 2167 de
719 2080 844 2194 Lyra,
873 2076 989 2188 cujus
1013 2076 1284 2191 compactura
1303 2069 1537 2192 inscriptum
1564 2080 1638 2164 est:
1669 2078 1789 2167 Hune
1818 2130 1824 2141 ·
1899 2140 1910 2157 ,.

117 2219 267 2306 lt'brnrn
291 2219 438 2329 legavit
461 2220 658 2306 Dominus
677 2219 862 2306 Meritus
876 2224 921 2306 de
933 2221 1071 2332 Lepide
1088 2225 1226 2307 Senior
1240 2222 1454 2308 Canorriem
1472 2220 1576 2306 Eccl.
1596 2221 1788 2330 Mognnn

119 2381 226 2445 orote
245 2379 317 2471 pro
345 2388 406 2457 eo,
436 2361 469 2442 is
492 2359 593 2444 obiit
615 2387 678 2446 an.
697 2358 1101 2448 MCCCLXXXII.
1149 2393 1190 2474 3.
1217 2346 1310 2473 Pa'g.
1323 2386 1362 2467 7.
1379 2386 1492 2447 num.
1512 2360 1669 2452 XLIV.
1698 2361 1789 2475 Epi·
1964 2470 1968 2483 Ι

109 2498 223 2616 stosae
250 2501 359 2583 Pauli
381 2499 500 2582 latIne
517 2525 613 2584 cum
631 2503 928 2584 commentariis
949 2499 1095 2585 Codex
1120 2501 1221 2599 iste.
1243 2526 1290 2586 ut
1311 2500 1399 2612 ejus
1424 2504 1536 2588 initio
1560 2490 1696 2587 videre
1711 2501 1789 2621 est·

118 2640 170 2726 ad
192 2638 395 2724 librariam
412 2642 454 2732 S.
473 2640 648 2725 Martini
672 2637 811 2754 Eccles.
833 2641 1026 2751 Mergum.
1046 2640 1144 2723 olim
1164 2641 1368 2752 pertinuit.
1409 2670 1449 2746 4.
1470 2640 1561 2750 Pag.
1593 2669 1657 2728 10.
1673 2665 1790 2729 num.
1921 2678 1941 2705 s

120 2779 209 2879 Lll.
240 2776 385 2863 Codex
400 2778 690 2892 antiquissimus
710 2781 939 2890 Mogontia
958 2780 1040 2864 huc
1062 2777 1225 2877 allatus,
1256 2803 1341 2891 quo
1366 2781 1625 2865 continentur
1647 2780 1788 2893 Anger

110 2919 207 3035 flini
223 2918 327 3003 liber
342 2916 393 3002 de
414 2917 647 3031 sessoribus,
693 2922 760 3005 cui
794 2917 923 3005 sermo
946 2921 998 3005 de
1025 2918 1173 3005 Ovibns
1199 2915 1406 3027 subjicitur
1426 2921 1505 3006 fine
1524 2916 1789 3032 ‘inscriptione
1870 2900 1874 2905 ’
1936 2985 1943 2995 .

120 3063 164 3150 δι
192 3057 459 3169 Euangelinm
483 3058 656 3170 Jonnnir
676 3059 795 3145 latine
809 3086 905 3147 curn
921 3060 1169 3172 expofitione
1189 3058 1405 3170 Augustini
1423 3061 1599 3147 homiliis
1622 3086 1706 3146 non
1727 3059 1789 3148 di·

124 3201 367 3299 numeratis,
402 3199 473 3285 nisr
504 3199 618 3312 quod
649 3201 780 3285 littere
800 3200 933 3308 major
961 3201 1005 3288 &
1040 3201 1219 3286 ornatius
1247 3198 1352 3312 pieta
1381 3201 1560 3286 ordiatur
1587 3198 1791 3325 sermonps

117 3340 295 3453 singulm
308 3395 322 3440 ,
335 3340 408 3452 qui
425 3339 547 3425 hodie
564 3337 752 3426 crassatus
770 3363 981 3426 vocantur.
1017 3340 1209 3427 Homiliae
1224 3336 1402 3425 secundae
1418 3343 1598 3427 initium:
1628 3342 1790 3428 Bonum

120 3483 173 3597 ess
187 3485 343 3593 flueret
364 3479 578 3594 Kanffimr.
623 3504 661 3592 5.
692 3481 788 3591 Peg.
814 3511 873 3568 11.
897 3468 1011 3566 num.
1036 3481 1155 3569 LIII.
1182 3482 1392 3592 Cottgtriae
1420 3478 1544 3595 lensii
1575 3481 1803 3599 Augustini

121 3625 270 3736 egregii
305 3615 525 3736 Philosophi.
581 3621 631 3708 In
658 3613 793 3706 fronte
828 3615 991 3731 praesert
1019 3619 1121 3708 liber
1143 3620 1307 3710 Aletrini
1335 3617 1488 3723 versus,
1525 3647 1631 3737 quor
1659 3622 1793 3735 nuper

81 3826 84 3833 ·
120 3758 378 3852 Benediffini
401 3780 562 3874 opernm
584 3757 797 3870 Augustini
827 3762 946 3847 Tomo
964 3763 1097 3875 primo
1109 3770 1318 3876 pag.'620.
1342 3758 1554 3849 inseruere.
1585 3763 1794 3878 -Sequun

119 3926 190 3991 tur
213 3901 362 3988 eodem
380 3901 592 3987 volumine
604 3898 821 4011 Augustini
847 3899 938 3988 libri
962 3900 1105 3989 XXll.
1133 3905 1178 3990 de
1205 3905 1360 3991 ciuitm
1387 3901 1474 3989 Dei.
1521 3900 1794 3993 ‘Praentittitur

120 4043 287 4158 prologi
321 4043 487 4137 nomine
515 4066 601 4153 cap.
627 4041 783 4130 XLlIl.
814 4040 898 4128 Lib.
928 4042 985 4130 ll.
1013 4043 1323 4132 Retrnsiionnm.
1381 4041 1528 4131 Codex
1552 4043 1794 4132 admirandae
1878 4030 1891 4040 ⁵

125 4182 387 4295 antiquitatis,
436 4180 689 4268 nitidilfimus
727 4185 770 4271 &
812 4177 1090 4295 pulcherrime
1129 4183 1295 4297 scriptus
1333 4170 1652 4297 ‘compostusqu‘e
1687 4180 1809 4270 foliis-

126 4322 283 4434 tnagnis
305 4342 427 4434 atque
455 4321 543 4408 latis
558 4378 570 4421 ‚
584 4343 648 4431 ,ut
669 4323 866 4435 quadrato
888 4315 1069 4441 propior
1093 4325 1221 4413 videri
1247 4320 1391 4439 posset.
1447 4324 1540 4414 Post
1569 4325 1797 4438 prologum

123 4461 328 4557 librorum
345 4461 854 4552 de-civitateDeihiadditi
876 4459 966 4551 sunt
987 4461 1145 4555 versus:
1961 4540 1964 4545 .

891 4640 912 4656 ·
993 4601 1037 4699 Β
1699 4599 1799 4692 Hoc
