4140 5310
239 112 373 228 gusto.
430 105 639 201 Generoso
676 98 859 205 Domino
889 108 1093 197 Diether'o
1129 110 1180 195 de
1208 109 1405 223 isenburg
1436 112 1565 199 eleelo
1605 110 1921 200 &confirmato

239 255 498 367 Magantino.
553 252 604 340 ln
632 250 761 367 nobili
789 250 896 336 urbe
923 250 1142 365 Maguncia
1168 252 1328 351 ereni,
1359 250 1632 367 imprefforiae
1655 254 1750 341 ania
1778 254 1922 341 inven-

241 399 339 483 trice
355 395 654 503 elimatriceque
672 392 825 501 prima!
846 389 1027 502 praesens
1042 392 1335 479 institutionum
1353 418 1458 504 opus
1475 390 1744 500 praeclarum!
1765 388 1920 479 Petrus

239 532 442 627 Schoiffier
474 534 525 618 de
555 530 821 629 Gernsshem,
850 529 927 617 suis
952 510 1221 642 conlignando
1252 532 1404 635 Scutisl
1442 536 1729 646 omnipotente
1749 529 1917 622 favente

236 675 355 767 Deo!
382 667 552 763 feliciter
573 672 878 757 consummavit.

993 810 1151 913 Wappem

402 943 654 1033 Meermann.
682 962 793 1054 parte
814 940 866 1029 ll.
896 965 939 1054 p.
965 969 1057 1029 101.

652 1152 1268 1291 Coarjlitutionesclemeatis
1285 1156 1483 1292 PapeV.

611 1312 713 1404 Cua'n
751 1335 943 1431 apparatu
989 1315 1110 1403 Dom.
1149 1315 1315 1427 Jotmm's
1357 1321 1527 1409 Atrdtee.

861 1474 937 1546 Fol.
965 1500 1053 1548 max.
1079 1477 1115 1546 in
1141 1475 1264 1550 charta,

988 1618 1031 1693 In
1050 1620 1140 1714 fiee:

225 1749 417 1921 Annno
438 1742 604 1833 Domini
621 1740 682 1831 Μ.
699 1742 860 1829 CCCC.
877 1740 1088 1833 LXXVl.
1112 1743 1206 1830 llll.
1227 1743 1320 1831 ldus
1336 1744 1591 1856 Septembris
1606 1722 1899 1831 Reverendiffi
1996 1786 2058 1861 ,ὲ

330 1886 373 1971 in
399 1882 504 1996 Xpo
530 1884 649 1970 Patre
664 1908 710 1968 ac
728 1882 913 1969 Domino
930 1882 1024 1967 Dno
1040 1882 1239 1968 Diethero
1257 1880 1575 1995 A'rchiepiscopo
1597 1884 1842 1995 llaguntino
1858 1886 1899 1971 in
1961 1933 2055 1999 tn

224 2024 354 2135 nobili
389 2025 495 2111 urbe
528 2023 753 2133 Moguncia
788 2020 944 2109 Rheni!
988 2020 1237 2134 imprellorie
1272 2025 1365 2107 artis
1398 2027 1619 2109 inventrice
1650 2025 1896 2137 alumnaque
1954 2067 2050 2133 q

211 2140 358 2279 ‘prima
373 2160 532 2274 presens
545 2160 894 2250 Clementinarum
908 2186 1013 2273 opus
1026 2163 1252 2273 preclarum
1270 2163 1416 2249 Petrus
1435 2158 1654 2275 Schoyffcr
1667 2162 1720 2250 de
1732 2160 1893 2253 Gerasa
1942 2208 2045 2269 -ι

221 2304 322 2393 hem
338 2301 416 2390 suia
433 2302 703 2414 confignando
719 2301 868 2435 Scutis!
901 2304 998 2390 Deo
1024 2298 1185 2388 favente
1205 2300 1373 2389 feliciter
1395 2301 1537 2388 finivit.

106 2438 110 2445 ¹
838 2477 844 2488 ·
936 2443 1021 2521 mm
1054 2440 1180 2521 Scaeis.

246 2566 249 2571 ’
429 2570 477 2660 ln
505 2568 620 2663 Bibl.
650 2510 831 2682 Metrop.

206 2746 211 2753 '
330 2742 496 2839 Basileae
517 2748 621 2830 inter
647 2770 710 2829 an.
737 2757 854 2858 1470.
879 2744 923 2833 81
950 2754 1067 2853 1486.
1096 2744 1221 2871 libros
1252 2742 1446 2859 imprellit
1470 2741 1649 2834 Michael
1680 2744 2047 2845 Wenzler..²r.

209 2866 466 2997 'Anonymus
491 2880 634 2967 austor
654 2886 695 2968 in
719 2888 1032 2996 epigrammate,
1060 2888 1174 2999 quod
1202 2890 1351 2999 legitur
1375 2888 1424 2975 ad
1447 2888 1597 2973 calcem
1623 2888 2053 2998 epistolatum

189 3010 422 3139 -Gasparini
456 3024 732 3134 Pergamenis
760 3050 814 3108 ex
843 3026 1016 3112 editione
1045 3026 1246 3116 Bafilienfi
1274 3030 1353 3112 line
1380 3051 1486 3112 anno
1510 3026 1622 3140 apud
1642 3026 2053 3125 Michaelemrnm

214 3164 409 3281 Wenzler
431 3167 473 3255 δι
492 3166 737 3253 Fridericum
762 3164 858 3251 Biel
884 3164 1025 3253 excusa
1050 3173 1090 3256 in
1112 3206 1152 3280 4.
1181 3168 1266 3252 haec
1289 3168 1494 3278 leguntur.
1529 3278 1537 3293 .
1679 3232 1684 3239 .

477 3344 623 3432 Artem
653 3340 841 3455 prcllurae
867 3349 1052 3456 quamvis
1080 3344 1309 3456 Mognncia
1336 3339 1463 3446 finxit,
1548 3422 1554 3431 .

466 3512 485 3554 .·
589 3508 643 3568 ex
670 3487 754 3595 imo
786 3488 904 3573 traxit
934 3486 1037 3571 hanc
1064 3487 1219 3573 Bafilea
1247 3507 1394 3570 tamen.
1681 3578 1684 3583 ,

474 3618 656 3712 Nomina
685 3623 712 3707 fi
739 3622 901 3735 cupias,
931 3624 1106 3712 Michael
1133 3627 1378 3734 cognomine
1407 3621 1611 3724 Wenzler,

587 3765 684 3849 huic
711 3766 845 3885 operis
874 3761 1001 3851 socius
1028 3766 1123 3853 Biel
1151 3765 1381 3852 fridericus
1410 3789 1504 3850 erac

284 3892 290 3903 Ι
317 3936 387 4035 De
406 3933 480 4031 hac
505 3932 680 4034 Officina
705 3936 786 4031 vid.
809 3938 1010 4031 Maittaire
1032 3943 1179 4034 Annal.
1201 3940 1309 4057 Typ.
1329 3937 1450 4029 Tom.
1469 3938 1501 4030 1.
1521 3964 1563 4054 p.
1583 3961 1678 4056 236.
1694 3936 1790 4040 edit.
1803 3974 1968 4081 ²2:¹3.

1433 4216 1917 4393 mccchXxvlz
