4094 5288
173 167 357 262 ao„
835 171 1184 281 *am-2

171 344 361 445 inferiora
389 351 632 443 haecomnia
659 351 909 469 supernaque
934 359 1227 467 gubernantur.
1300 358 1413 444 Illius
1439 383 1609 473 quoqne
1634 360 1854 447 voluntate

171 516 219 584 ac
238 486 344 596 jussu
377 494 525 602 cuique
553 518 629 605 pro
657 498 810 584 meritis
837 498 1030 584 redditur.
1096 497 1224 585 Nulla
1251 498 1422 610 poteslas
1450 499 1522 584 nisa
1549 527 1571 585 a
1600 499 1711 597 Deo,
1740 496 1857 581 nulla

171 627 362 739 dignitas,
393 634 639 744 principatus
664 637 814 722 nullus.
880 638 1054 723 Tametfi
1084 638 1357 723 inutilioribus
1379 640 1616 751 quibusque
1639 664 1686 722 ac
1715 641 1908 737 minusg

172 770 338 873 eruditis
366 772 409 858 dr
432 771 517 862 hac
545 773 628 885 ipsa
652 775 902 887 quandoque
930 777 1169 888 obtingunt,
1185 802 1367 893 regnare
1388 781 1497 862 enim
1530 773 1622 860 facit
1658 815 1855 891 υποχριτιι

172 933 343 1026 propter
359 935 521 1021 peccata
542 915 708 1027 populi,
735 913 837 1001 illud
857 937 990 1021 tamen
1009 942 1266 1029 nequaquam
1288 919 1366 1002 sne
1380 917 1486 1025 justo
1508 917 1584 1002 Dei
1603 912 1857 1028 occultoque
1913 986 1916 995 .

109 1140 118 1152 ⁸
174 1049 337 1149 confilio
369 1055 532 1140 evenire
562 1056 750 1150 creditur.
818 1056 961 1148 Vixisti
998 1054 1156 1165 semper
1192 1061 1429 1143 innocenter
1465 1058 1508 1144 dc
1543 1059 1607 1166 pie
1636 1083 1713 1140 nec
1748 1056 1859 1141 aliud

178 1191 398 1300 quicquam
424 1194 464 1276 in
498 1194 615 1281 bonis
644 1196 794 1282 ducere
822 1222 1004 1308 unquam
1036 1194 1227 1279 consuesti
1258 1221 1381 1308 quam
1409 1197 1618 1284 Christum
1645 1197 1860 1307 optimum

178 1330 422 1426 maximum.
478 1333 622 1445 Quare
648 1338 690 1424 dc
714 1337 822 1421 idem
847 1334 1083 1422 benediflus
1106 1335 1183 1425 Dei
1202 1336 1351 1435 Filius,
1380 1339 1454 1447 qui
1481 1359 1646 1421 centurn
1671 1361 1750 1444 pro
1773 1357 1886 1419 uno⁹

176 1466 347 1560 reddere
375 1468 493 1568 solet,
526 1497 595 1559 tua
622 1473 893 1576 observantia,
933 1474 1067 1574 cultu,
1099 1475 1279 1562 bonitate
1308 1474 1526 1564 deleslatus
1552 1477 1629 1559 luis
1658 1497 1698 1557 te
1729 1474 1860 1558 indies

178 1608 309 1720 tnagis
346 1612 558 1724 magisque
585 1613 703 1699 bonis
732 1638 875 1727 auget,
908 1615 1138 1700 bonoribus
1165 1616 1407 1726 amplificat,
1444 1615 1624 1699 cumulat
1654 1613 1862 1698 felicitate.

180 1747 337 1851 Sentiat
365 1776 466 1862 ergo
496 1752 627 1837 nostra
656 1755 741 1839 ltaec
760 1780 824 1840 res
846 1755 1011 1866 publica
1039 1751 1180 1864 (decet
1203 1739 1313 1869 enirn
1340 1764 1410 1861 te)
1440 1755 1572 1837 nostra
1597 1758 1769 1864 inquam
1791 1754 1863 1840 Bi·

180 1888 381 1988 bliotlreca
408 1913 447 1986 te
471 1891 645 1987 alterum
670 1879 782 1978 velut
804 1897 1005 1979 bonarum
1031 1895 1180 1978 artium
1205 1893 1428 1978 cultorem:
1456 1893 1622 2005 Tuique
1642 1890 1864 2004 praedeces·

181 2026 278 2118 soris
312 2055 395 2121 non
424 2032 598 2142 impigre
633 2034 798 2144 vestigia
825 2031 950 2145 sequi.
1024 2032 1159 2120 Cerne
1193 2057 1319 2143 quant
1357 2033 1592 2141 amplissima
1622 2029 1866 2142 supelleflill

182 2169 358 2254 nostram
383 2170 486 2267 banc
509 2170 809 2259 Bibliothecam
832 2173 1051 2283 cumulant.
1123 2155 1355 2257 Paucilstma
1386 2173 1494 2255 enim
1531 2177 1606 2273 (ut
1629 2197 1785 2266 verum
1811 2167 1867 2259 fa·

184 2310 298 2420 tear)
327 2308 537 2406 volumina
561 2310 702 2401 Abbas
725 2337 830 2398 anno
844 2310 1051 2401 millefimo
1068 2310 1456 2422 quadringentefimo
1482 2305 1724 2420 sexagesimo
1747 2310 1866 2397 sexto

87 2504 92 2517 ·
185 2470 341 2546 creatus
365 2450 406 2533 in
424 2444 666 2546 monasterio
691 2446 859 2536 offendit
883 2453 926 2539 &
952 2452 1032 2536 hoc
1052 2449 1179 2561 ipsunt
1207 2443 1335 2533 forsan
1360 2473 1444 2532 non
1470 2447 1541 2530 abs
1568 2473 1627 2534 re.
1684 2449 1870 2562 Tempo-

184 2587 240 2683 ris
265 2590 375 2687 enim
405 2615 454 2690 ca
480 2591 714 2703 tempestate
747 2583 827 2678 fuit
855 2591 899 2681 se
933 2615 1073 2677 rernm
1100 2589 1346 2700 reliquarum
1381 2585 1565 2675 habenda
1599 2588 1724 2678 ratio,
1768 2614 1893 2681 nam,

97 2832 100 2837 ,
186 2726 410 2838 gloriosum
437 2733 567 2842 magis
586 2730 676 2819 fore
696 2753 914 2843 putarunt,
944 2731 1016 2840 qui
1039 2754 1134 2813 eum
1156 2725 1440 2835 praecesserant
1451 2726 1873 2839 Abbates,pauperes

188 2865 304 2961 uitari
330 2895 455 2980 quarn
475 2867 762 2981 philosophari.
819 2864 904 2954 Sed
928 2868 993 2950 hic
1009 2865 1141 2950 noster
1155 2861 1306 2950 rebus
1294 2891 1375 2987 pant
1398 2889 1496 2976 pace
1518 2865 1671 2950 reddita
1689 2869 1874 2955 animad-

187 3030 353 3097 vertens
378 3007 464 3097 satis
487 3003 691 3115 superque
709 3002 978 3118 periculosum
1006 3005 1219 3113 prasertim
1243 3003 1450 3113 religionis
1475 3003 1701 3089 monastica
1720 3007 1873 3114 stivam

190 3143 542 3255 prandentibusr
517 3140 545 3226 s
546 3167 598 3226 ne
622 3143 761 3233 litteris
791 3145 917 3232 sitam
943 3143 1110 3253 degeres
1139 3138 1294 3228 nullis
1279 3168 1362 3252 jam
1379 3167 1452 3228 nec
1472 3142 1594 3227 rebus
1610 3168 1695 3228 nec
1719 3144 1877 3236 labori

188 3278 271 3378 bus
299 3305 464 3392 parcere
500 3285 656 3391 pergit,
695 3284 797 3395 quin
825 3284 962 3394 potius
987 3280 1260 3390 undecunque
1290 3281 1521 3391 conquifitis
1550 3286 1877 3435 peregrinorum

194 3445 365 3537 quoque
400 3417 617 3511 rusiorum
645 3422 973 3512 lucubrationum
1001 3417 1202 3530 opusculis
1228 3421 1446 3504 armarium
1477 3418 1643 3505 instituit
1673 3445 1765 3511 tunt
1790 3455 1878 3518 aere

152 3594 156 3601 ·
194 3581 283 3655 tum
309 3562 457 3672 vigiliis
483 3554 741 3647 scribentium
761 3555 934 3644 fratrum
949 3583 1033 3645 non
1051 3556 1231 3668 vulgare.
1270 3555 1356 3645 Sed
1374 3560 1456 3642 heu
1479 3557 1607 3643 modo
1630 3563 1731 3673 quid
1750 3590 1881 3655 mon

194 3668 265 3794 ffri
290 3698 354 3794 illa
383 3699 465 3812 ipsa
492 3700 731 3791 nostratium
760 3696 1059 3786 monachorum
1083 3694 1226 3782 desidia
1256 3698 1383 3781 nutrit
1407 3695 1531 3784 Abba
1555 3697 1878 3797 humanissime?

196 3836 369 3924 Istorum
395 3862 544 3951 nempe
570 3839 732 3927 dierum
752 3834 976 3930 infelicium
996 3834 1170 3946 religios
1193 3834 1219 3917 s
1155 3861 1242 3920 c
1270 3836 1298 3919 s
1299 3861 1322 3919 c
1342 3831 1534 3922 scribendi
1556 3832 1673 3922 usum
1701 3865 1880 3936 ornnem

195 3973 430 4068 abdicarunt
449 4000 498 4065 nt
524 3974 657 4089 priscis
682 3977 866 4088 patribus
892 3995 975 4058 non
996 3974 1121 4057 modo
1144 3998 1229 4057 non
1252 3972 1413 4072 fimiles,
1441 3970 1507 4057 sed
1535 3998 1610 4057 nec
1632 3979 1881 4072 umbratiles

201 4111 368 4221 quidem
391 4105 623 4220 videantur,
651 4118 736 4203 heu
764 4109 935 4202 infelicia
958 4132 1164 4222 tempora,
1183 4111 1277 4211 ,heu
1300 4106 1555 4194 suffufionem
1583 4115 1723 4201 vultus
1748 4123 1882 4214 nostri

199 4270 377 4361 quoque
398 4256 685 4349 execrandam!
713 4279 801 4370 quo
826 4250 955 4337 oculis
974 4249 1123 4335 mentis
1141 4247 1333 4371 ponimus
1350 4242 1544 4357 quorsum
1562 4249 1629 4334 vel
1656 4278 1768 4343 nunc
1791 4280 1881 4351 tan

201 4383 299 4481 den
321 4398 454 4508 vergit
477 4397 760 4514 religiosorum
788 4363 1128 4493 nwnachorunr‘
1115 4386 1286 4476 intentio
1316 4382 1445 4472 stulta.
1500 4383 1661 4478 Omnes
1683 4393 1884 4490 clericalis

1747 4514 1885 4650 digni·
