4140 5310
128 477 333 591 dignitatis
356 479 491 568 officio
516 462 731 594 firngimur
752 462 869 593 cujus
890 480 946 568 est
968 484 1136 581 docere,
1164 468 1302 566 verbis
1325 414 1519 590 sapientia
1532 475 1712 591 palmea,
1741 480 1809 614 in·-

131 625 353 732 terroganti
366 618 370 625 ’
385 620 625 736 respondere
658 623 711 709 de
738 623 850 734 lego,
887 624 930 712 dr
960 646 1053 709 ecce
1079 625 1155 708 nee
1180 646 1280 706 voce
1303 619 1499 705 docemus
1528 643 1604 707 nec
1628 616 1797 730 scriptis,

128 783 214 846 non
237 761 333 846 dico
362 766 491 849 modo
513 790 589 853 nec
613 761 814 873 nosipsos
841 764 1009 878 quidem
1031 757 1311 873 leclion'e'ipsa
1344 757 1460 846 sacra.
1489 756 1799 879 -Conspicimn's'

129 898 354 1014 priscorum
386 902 544 1015 depiida
577 890 837 1037 sntagtltata,
853 899 1018 990 sudores
1045 906 1265 998 miramur,
1296 901 1519 987 attollimus
1549 900 1800 1012 diligentiam
1961 1004 1964 1012 .

130 1043 176 1130 dr
198 1067 249 1128 en
268 1045 341 1130 vix
366 1045 657 1141 interemtum
680 1069 809 1132 unum
835 1047 1013 1157 reperire
1035 1046 1184 1158 estqui
1208 1045 1281 1163 vel
1298 1065 1437 1128 amore
1458 1039 1655 1127 scribendi
1677 1042 1809 1160 duca,

134 1197 201 1268 tur'
226 1184 290 1269 vel
303 1168 456 1296 pretio,
484 1211 626 1271 omnes
651 1188 840 1300 quarunt
867 1210 961 1297 quae
981 1181 1048 1270 sua
1078 1183 1186 1284 sunt,
1214 1186 1374 1270 bonum
1401 1207 1620 1269 commune
1650 1185 1811 1302 cogitat·

135 1334 298 1411 nemo.''
325 1304 423 1437 Qua
451 1325 674 1437 diligentia,
710 1350 793 1440 qua
809 1340 934 1419 cu'm3
971 1316 1243 1439 quo'conatut
1260 1325 1427 1436 quidam
1455 1316 1634 1409 discartas‘
1657 1322 1804 1436 scripti-2

133 1485 217 1550 tant
241 1464 363 1578 aniles
386 1468 428 1551 in
447 1461 624 1551 mensem
642 1463 714 1551 vix
735 1467 859 1551 etiam
879 1454 1136 1554 danturne
1154 1464 1304 1580 quibus
1322 1460 1452 1548 nescio
1472 1489 1523 1550 an
1546 1488 1674 1550 unum
1688 1488 1803 1577 repe⁴
1840 1563 1843 1567 ,

131 1608 212 1691 rire
238 1603 360 1716 pollis
378 1604 451 1718 qui
471 1603 641 1690 scribere
667 1605 765 1719 quid
783 1631 863 1717 pro
883 1609 1175 1693 communitate
1200 1606 1354 1692 volenti
1379 1604 1445 1692 vel
1464 1606 1802 1701 membranulam,
1969 1722 1972 1727 Ι

129 1767 180 1830 ut
196 1749 323 1832 mo'r'is
340 1744 418 1845 est,
447 1768 583 1855 aptare
595 1744 709 1832 velit.
761 1746 942 1834 Grandis
952 1748 1123 1833 illorum
1142 1747 1439 1833 monachorum
1457 1747 1802 1860 (quorumetiam
1856 1748 1859 1755 ’

115 1886 263 1972 ,virtus
295 1886 392 1971 vitia
416 1886 549 1972 nostra
575 1882 790 2000 sustentat)
815 1876 1218 1997 librosscribentium
1241 1884 1357 1972 series
1382 1883 1487 1987 fuit,
1508 1888 1581 1999 qui
1607 1887 1807 1985 Gratiani,-

133 2023 281 2140 raupa,
323 2025 456 2125 Bedae,
494 2025 689 2112 Rmhardi
710 2027 897 2115 ‹Abbatis
936 2029 1063 2115 nostri
1099 2029 1406 2139 reliquommve
1444 2004 1804 2112 'ecclesiasticorum

133 2166 353 2251 authorum
379 2168 636 2279 temporibus
657 2161 782 2254 fuere.
813 2167 1097 2255 Trahebantur
1112 2171 1305 2254 nimirum
1328 2169 1443 2278 gravi
1465 2165 1683 2267 scribendi,
1713 2165 1824 2273 illu·-

131 2306 336 2406 minandi,
365 2305 594 2419 ligandique
615 2292 785 2408 amore,
802 2329 849 2392 ut
871 2322 1014 2395 omnes
1036 2309 1194 2394 labores
1216 2309 1328 2394 nihili
1350 2308 1544 2394 ducerent
1551 2329 1567 2423 3
1595 2310 1656 2393 uti
1673 2288 1800 2394 inve,

133 2434 373 2534 tustioribus
395 2448 603 2534 codicibus
629 2445 719 2555 ,jam
749 2440 918 2562 quoque
935 2448 1062 2535 'facile
1093 2474 1257 2541 cernere
1285 2450 1399 2543 licet,
1442 2473 1624 2562 quorum
1650 2445 1726 2539 usu
1755 2473 1802 2536 ac

134 2583 323 2672 conmisit
358 2610 434 2671 nos
456 2590 591 2673 etiam
628 2610 711 2673 non
743 2588 815 2673 abs
843 2580 890 2673 re
916 2590 1029 2699 digni
1060 2584 1221 2677 suimus
1239 2615 1475 2704 nunquam.
1542 2589 1808 2703 Laborabant,

137 2750 277 2816 omnes
297 2725 467 2835 huiusce
488 2749 567 2814 tarn
595 2724 714 2814 sensti
735 2749 899 2842 tamque
922 2726 1168 2816 laudatissimi
1193 2731 1373 2814 exercitii
1398 2726 1478 2814 effe
1500 2724 1723 2826 consumes,
1752 2749 1801 2813 ut

133 2872 229 2984 quia
252 2869 393 2980 lingua
410 2867 557 2955 docere
579 2870 678 2955 alios
692 2892 776 2954 non
793 2892 998 2981 poterant,
1027 2867 1164 2954 saitem
1187 2894 1312 2955 manu
1330 2889 1562 2955 acmortuo
1586 2870 1700 2982 apice
1728 2869 1800 2959 do·
1882 2878 1889 2887 “

132 3011 248 3099 cendi
280 3003 467 3096 desideria
496 2988 772 3117 monstrarent.
840 3007 927 3100 Sed
954 3007 1090 3097 aslum
1114 3010 1170 3095 est
1190 3036 1300 3097 nunc
1325 3010 1376 3095 do
1398 3007 1591 3122 religiosis
1610 3011 1683 3121 qui
1704 3007 1800 3097 falso
1864 3120 1866 3125 s

10 3176 12 3181 ·
132 3130 257 3267 etiam
275 3150 461 3236 monachi
483 3164 634 3235 nomen
656 3149 727 3237 fibi
754 3151 986 3242 vendicant,
1015 3151 1168 3262 quibus
1184 3153 1330 3237 cithara
1355 3148 1554 3235 sacrarum
1575 3150 1799 3236 litterarum

134 3270 282 3377 frustra
305 3292 428 3390 canit,
458 3276 634 3404 quorum
658 3289 772 3375 Deus
788 3310 931 3376 venter
947 3291 1025 3390 est,
1054 3291 1105 3376 de
1126 3289 1290 3377 scientiis
1311 3316 1409 3412 cura
1427 3291 1575 3401 nulla3¹
1590 3294 1662 3404 qui
1683 3290 1807 3377 satius
1872 3394 1876 3403 ⁸

132 3453 277 3546 putant
306 3429 501 3518 frumenti
528 3428 686 3544 publici
706 3454 831 3543 quam
852 3428 909 3517 sui
936 3431 1055 3544 ipsus
1080 3456 1221 3517 curam
1243 3455 1396 3543 gerere.
1456 3431 1624 3542 Quibus
1652 3432 1731 3541 (ut
1749 3431 1813 3522 de
1873 3482 1877 3489 -

133 3598 202 3659 me
221 3598 270 3658 ae
281 3573 362 3657 mei
380 3571 574 3657 smilibus
589 3570 687 3682 quid
708 3565 908 3678 inferam)
936 3569 1154 3659 discurrere
1178 3597 1253 3686 per
1272 3569 1448 3659 officinas
1465 3570 1693 3656 monasterii
1707 3570 1806 3683 plus

133 3713 285 3827 placet,
313 3695 442 3824 quam
457 3709 558 3824 quid
575 3706 811 3821 scriptitare,
840 3738 965 3827 quam
989 3737 1199 3825 nunquam
1215 3711 1524 3798 intermorituris
1545 3711 1684 3797 litteris
1701 3734 1800 3823 ope·

131 3878 221 3941 ram
251 3876 413 3939 navare.
484 3850 683 3938 Cometes
711 3840 795 3938 non
827 3876 978 3964 paucos
1013 3878 1159 3940 eorum
1196 3853 1336 3939 multis
1363 3849 1571 3938 codicibus
1598 3837 1800 3955 delebilri,

130 3994 270 4108 legere
291 4015 514 4108 nunquam.
572 3992 766 4102 Ligatura
785 3992 989 4094 laudatur,
1018 3993 1228 4079 extollitur
1243 3991 1440 4079 serrarum
1456 3991 1654 4079 curiosius
1671 4013 1802 4106 aptata
1909 4010 1913 4015 ·

133 4154 363 4246 compago,
376 4130 455 4218 -sed
472 4131 699 4218 charallere
723 4130 937 4246 conspedlo
961 4137 1125 4221 materia
1143 4130 1342 4244 displicet..
1386 4132 1548 4222 Aulior
1568 4134 1703 4247 operis
1735 4158 1814 4249 ru·-

133 4273 193 4362 dis
210 4248 429 4374 clamdtrir,
458 4272 574 4358 flocci
595 4274 784 4383 penditur
800 4278 906 4386 opus
931 4302 1066 4361 omne.
1105 4275 1163 4363 Et
1176 4275 1257 4359 hoc
1274 4272 1403 4360 forsan
1419 4277 1476 4361 eis
1494 4275 1815 4363 eoncedendum.

133 4416 230 4528 erit3
265 4439 349 4501 non
376 4417 485 4502 enim
511 4413 685 4500 didicere
710 4412 852 4525 sugere
877 4417 960 4503 mel
980 4418 1043 4502 de
1071 4439 1185 4531 petm
1213 4414 1436 4527 oleumque
1463 4414 1513 4501 de
1551 4415 1654 4501 filice
1681 4415 1802 4504 duro.

130 4556 282 4674 Longe
305 4556 440 4646 abillo
464 4542 599 4674 Moyse
626 4557 698 4669 qui
715 4555 886 4648 Litteras
909 4557 1133 4663 adinvenit,
1161 4556 1323 4671 longer
1349 4558 1499 4671 Gorgia
1524 4555 1800 4671 quiRhetori·

240 4715 280 4750 ·’
954 4698 994 4789 C
1698 4714 1801 4798 0³1⁰»
